%%%%%%%%%%%%%%%%%%%%%%%%%%%%%%%%%%%%%%%%%%%%%%%%%%%%%%%%%%%%%%%%%%%
@online{Kdtree,
  author = "Andrew W. Moore Carnegie Mellon University",
  title = "An into ductory tutorial on kd-trees",
  url = "https://www.ri.cmu.edu/pub_files/pub1/moore_andrew_1991_1/moore_andrew_1991_1.pdf",
}
@online{PyNanoflann,
  title="pynanoflann",
  author = "u1234x1234",
  url = "https://github.com/u1234x1234/pynanoflann",
}
@online{spectrogram,
  author = " Julius O. Smith III",
  title = "Mathematics of the Discrete Fourier Transform (DFT), with Audio Applications --- Second Edition",
  url = "https://ccrma.stanford.edu/~jos/mdft/Spectrograms.html",
}
@online{MFCC,
  title = "Mel-frequency cepstrum",
  url = "https://en.wikipedia.org/wiki/Mel-frequency_cepstrum",
}
@online{CNNs,
  author = "Dan C. Ciresan and Ueli Meier and Jonathan Masci and Luca M Gambardella and Jurgen Schmidhuber",
  title = "Flexible, High Performance Convolutional
Neural Networks for Image Classification",
  url = "https://people.idsia.ch/~juergen/ijcai2011.pdf",
}
@online{VGG16,
  author = "Karen Simonyan and Andrew Zisserman",
  title = "VERY DEEP CONVOLUTIONAL NETWORKS
FOR LARGE-SCALE IMAGE RECOGNITION",
  url = "https://arxiv.org/pdf/1409.1556.pdf",
}
@online{dataset3,
  title = "Fast Food Classification Dataset - V2",
  url = "https://www.kaggle.com/datasets/utkarshsaxenadn/fast-food-classification-dataset",
}
@online{dataset2,
  title = "Intel Image Classification",
  url = "https://www.kaggle.com/datasets/puneet6060/intel-image-classification",
}
@online{dataset1,
  title = "UrbanSound8K",
  url = "https://www.kaggle.com/datasets/chrisfilo/urbansound8k",
}